@book{leon2015signale,
  title={Signale und Systeme},
  author={Punte-Le{\'o}n, Fernando and J{\"a}kel, Holger},
  year={2015},
  publisher={Walter de Gruyter GmbH \& Co KG}
}
